<?xml version="1.0" encoding="UTF-8"?><collection xmlns="http://www.loc.gov/MARC21/slim"><record><leader>00334nam--2200109-i-4500</leader><controlfield tag="001">000013628</controlfield><controlfield tag="002">20161230</controlfield><controlfield tag="005">20161230201030</controlfield><controlfield tag="008">060222s1000------------r-----000-0-eng-d</controlfield><datafield ind1=" " ind2=" " tag="245"><subfield code="a">Benchmark papers in geology. vol.32:mechanics of thrust faults and decollem ent</subfield></datafield><datafield ind1=" " ind2=" " tag="260"><subfield code="a">Stroudsburg, Dowdenm Hutchinson &amp; Ross, Inc., 1976</subfield></datafield><datafield ind1=" " ind2=" " tag="852"><subfield code="a">49127</subfield></datafield></record></collection>